@article{atkinson1960achievement,
	title={Achievement motive and test anxiety conceived as motive to approach success and motive to avoid failure.},
	author={Atkinson, John W and Litwin, George H},
	journal={The journal of abnormal and social psychology},
	volume={60},
	number={1},
	pages={52},
	year={1960},
	publisher={American Psychological Association}
}

@Article{Ballard2018,
	author = {Ballard, Timothy
	and Farrell, Simon
	and Neal, Andrew},
	title = {Quantifying the psychological value of goal achievement},
	journal = {Psychonomic Bulletin {\&} Review},
	year = {2018},
	volume = {25},
	number = {3},
	pages = {1184--1192},
	issn = {1531-5320},
	doi = {10.3758/s13423-017-1329-1}
}

@Article{brms2017,
	title = {{brms}: An {R} Package for {Bayesian} Multilevel Models
	Using {Stan}},
	author = {Paul Christian Bürkner},
	journal = {Journal of Statistical Software},
	year = {2017},
	volume = {80},
	number = {1},
	pages = {1--28},
	doi = {10.18637/jss.v080.i01},
	encoding = {UTF-8},
}

@Article{brms2018,
	title = {Advanced {Bayesian} Multilevel Modeling with the {R}
	Package {brms}},
	author = {Paul Christian Bürkner},
	journal = {The R Journal},
	year = {2018},
	volume = {10},
	number = {1},
	pages = {395--411},
	doi = {10.32614/RJ-2018-017},
	encoding = {UTF-8},
}

@Article{Camerer1999,
	author="Camerer, Colin F.
	and Hogarth, Robin M.",
	title="The Effects of Financial Incentives in Experiments: A Review and Capital-Labor-Production Framework",
	journal="Journal of Risk and Uncertainty",
	year="1999",
	volume="19",
	number="1",
	pages="7--42",
	issn="1573-0476",
	doi="10.1023/A:1007850605129",
	url="https://doi.org/10.1023/A:1007850605129"
}

@article{carpenter1995neural,
	title={Neural computation of log likelihood in control of saccadic eye movements},
	author={Carpenter, Roger HS and Williams, MLL},
	journal={Nature},
	volume={377},
	pages={59},
	year={1995},
	publisher={Nature Publishing Group}
}

@article{clarke2015failure,
	author = {Alasdair D. F. Clarke and Amelia R. Hunt},
	title = {Failure of intuition when choosing whether to invest in a single goal or split resources between two goals},
	journal = {Psychological Science},
	volume = {27},
	number = {1},
	pages = {64-74},
	year = {2016},
}
@article{clarke2016stocha,
	author = {Clarke, Alasdair D. F. and Green, Patrick and Chantler, Mike J. and Hunt, Amelia R.},
	title = "{Human search for a target on a textured background is consistent with a stochastic model}",
	journal = {Journal of Vision},
	volume = {16},
	number = {7},
	pages = {4-4},
	year = {2016},
	issn = {1534-7362},
	doi = {10.1167/16.7.4},
	url = {https://doi.org/10.1167/16.7.4},
}

@article{clarke2018stable,
	title={Stable individual differences in strategies within, but not between, visual search tasks},
	author={Clarke, Alasdair D F and Irons, Jessica and James, Warren R G and Leber, Andrew B and Hunt, Amelia R},
	year={2018},
	publisher={PsyArXiv}
}

@article{cornelissen2002eyelink,
	title={The Eyelink Toolbox: eye tracking with MATLAB and the Psychophysics Toolbox},
	author={Cornelissen, Frans W and Peters, Enno M and Palmer, John},
	journal={Behavior Research Methods, Instruments, \& Computers},
	volume={34},
	number={4},
	pages={613--617},
	year={2002},
	publisher={Springer}
}

@article{engelmann2007motivation,
	title={" Motivation sharpens exogenous spatial attention": Correction to Engelmann and Pessoa (2007).},
	author={Engelmann, Jan B and Pessoa, Luiz},
	year={2007},
	journal = {Emotion},
	volume = {7},
	number = {4},
	pages = {875},
	publisher={American Psychological Association}
}

@article{failing2015nonspatial,
	title={Nonspatial attentional capture by previously rewarded scene semantics},
	author={Failing, Michel Fabian and Theeuwes, Jan},
	journal={Visual Cognition},
	volume={23},
	number={1-2},
	pages={82--104},
	year={2015},
	publisher={Taylor \& Francis}
}

@article{ferrari2004beta,
	title={Beta regression for modelling rates and proportions},
	author={Ferrari, Silvia and Cribari-Neto, Francisco},
	journal={Journal of applied statistics},
	volume={31},
	number={7},
	pages={799--815},
	year={2004},
	publisher={Taylor \& Francis}
}

@article{Gigerenzer2011,
	author = {Gerd Gigerenzer and Wolfgang Gaissmaier},
	title = {Heuristic Decision Making},
	journal = {Annual Review of Psychology},
	volume = {62},
	number = {1},
	pages = {451-482},
	year = {2011},
	doi = {10.1146/annurev-psych-120709-145346}
}

@article{Goodnow1955,
	ISSN = {00029556},
	author = {Jacqueline Jarrett Goodnow},
	journal = {The American Journal of Psychology},
	number = {1},
	pages = {106--116},
	publisher = {University of Illinois Press},
	title = {Determinants of Choice-Distribution in Two-Choice Situations},
	volume = {68},
	year = {1955}
}

@unpublished{Hessereaching,
	author = {Hesse, Constanze and Kangur, Karina and Hunt, Amelia R},
	title = {Decision making in slow and rapid reaching: Sacrificing maximum task success to minimize effort.},
	note = {Submitted}
}

@article{Hudson2007probmove,	
	title = {Movement Planning With Probabilistic Target Information},
	author = {Hudson, Todd E and Maloney, Laurence T and Landy, Michael S},
	journal = {Journal of Neurophysiology},
	volume = {98},
	number = {5},
	pages = {3034-3046},
	year = {2007}
}

@article{Huntlearning,
	title = {Can we learn to make optimal choices?},
	author = {Hunt, Amelia R and James, Warren R G and Mackay, Eleanor and Reuther, Josephine and Clarke, Alasdair D F},
	note = {Submitted}	
}
@inproceedings{james2017failure,
	title={Failure to use probability of success when deciding whether to pursue one goal or two.},
	author={James, Warren R G and Clarke, Alasdair D F and Hunt, Amelia Rebecca},
	booktitle={Proceedings of the 39th annual meeting of the Cognitive Science Society},
	year={2017},
	organization={Cogsci}
}

@article{KahnemanChoicesValuseFrames,
	author = {Daniel Kahneman and Amos Tversky},
	title = {Choices, Values, and Frames},
	journal = {American Psychologist},
	volume = {39},
	number = {4},
	pages = {341-350},
	year = {1984}
}

@article{manohar2017distinct,
	title={Distinct motivational effects of contingent and noncontingent rewards},
	author={Manohar, Sanjay G and Finzi, Rebecca Dawn and Drew, Daniel and Husain, Masud},
	journal={Psychological science},
	volume={28},
	number={7},
	pages={1016--1026},
	year={2017},
	publisher={SAGE Publications Sage CA: Los Angeles, CA}
}

@article{massar2016rewards,
	title={Rewards boost sustained attention through higher effort: A value-based decision making approach},
	author={Massar, Stijn AA and Lim, Julian and Sasmita, Karen and Chee, Michael WL},
	journal={Biological Psychology},
	volume={120},
	pages={21--27},
	year={2016},
	publisher={Elsevier}
}

@article{miranda2014intrinsic,
	title={Intrinsic motivation and attentional capture from gamelike features in a visual search task},
	author={Miranda, Andrew T and Palmer, Evan M},
	journal={Behavior Research Methods},
	volume={46},
	number={1},
	pages={159--172},
	year={2014},
	publisher={Springer}
}

@article{morvan2012human,
	title={Human visual search does not maximize the post-saccadic probability of identifying targets},
	author={Morvan, Camille and Maloney, Laurence T},
	journal={PLoS Comput Biol},
	volume={8},
	number={2},
	pages={e1002342},
	year={2012},
	publisher={Public Library of Science}
}

@article{najemnik2005optimal,
	title={Optimal eye movement strategies in visual search},
	author={Najemnik, Jiri and Geisler, Wilson S},
	journal={Nature},
	volume={434},
	number={7031},
	pages={387--391},
	year={2005},
	publisher={Nature Publishing Group}
}


@article{noorani2014later,
	title={LATER models of neural decision behavior in choice tasks},
	author={Noorani, Imran},
	journal={Frontiers in Integrative Neuroscience},
	volume={8},
	year={2014},
	publisher={Frontiers Media SA}
}

@article{nowakowska2019practice,
	title={Practice-related changes in eye movement strategy in healthy adults with simulated hemianopia},
	author={Nowakowska, Anna and Clarke, Alasdair DF and Sahraie, Arash and Hunt, Amelia R},
	journal={Neuropsychologia},
	volume={128},
	pages={232--240},
	year={2019},
	publisher={Elsevier}
}

@article{nowakowska2017human,
	title={Human visual search behaviour is far from ideal},
	author={Nowakowska, Anna and Clarke, Alasdair DF and Hunt, Amelia R},
	journal={Proceedings of the Royal Society B: Biological Sciences},
	volume={284},
	number={1849},
	pages={20162767},
	year={2017},
	publisher={The Royal Society}
}

@article{pelli1997videotoolbox,
	title={The VideoToolbox software for visual psychophysics: Transforming numbers into movies},
	author={Pelli, Denis G},
	journal={Spatial vision},
	volume={10},
	number={4},
	pages={437--442},
	year={1997},
	publisher={Brill}
}

@article{phillips1966conservatism,
	title={Conservatism in a simple probability inference task.},
	author={Phillips, Lawrence D and Edwards, Ward},
	journal={Journal of experimental psychology},
	volume={72},
	number={3},
	pages={346},
	year={1966},
	publisher={American Psychological Association}
}

@Manual{R,
	title = {R: A Language and Environment for Statistical Computing},
	author = {{R Core Team}},
	organization = {R Foundation for Statistical Computing},
	address = {Vienna, Austria},
	year = {2016},
	url = {https://www.R-project.org/},
}

@article{rahnev2018suboptimality,
	title={Suboptimality in perceptual decision making},
	author={Rahnev, Dobromir and Denison, Rachel N},
	journal={Behavioral and Brain Sciences},
	volume={41},
	year={2018},
	publisher={Cambridge University Press}
}

@Misc{Rstan,
	title = {{RStan}: the {R} interface to {Stan}},
	author = {{Stan Development Team}},
	note = {R package version 2.18.2},
	year = {2018},
	url = {http://mc-stan.org/},
}

@article{simon1990invariants,
	title={Invariants of human behavior},
	author={Simon, Herbert A},
	journal={Annual review of psychology},
	volume={41},
	number={1},
	pages={1--20},
	year={1990},
	publisher={Annual Reviews 4139 El Camino Way, PO Box 10139, Palo Alto, CA 94303-0139, USA}
}

@article{Stan,
	author = {Bob Carpenter and Andrew Gelman and Matthew Hoffman and Daniel Lee and Ben Goodrich and Michael Betancourt and Marcus Brubaker and Jiqiang Guo and Peter Li and Allen Riddell},
	title = {Stan: A Probabilistic Programming Language},
	journal = {Journal of Statistical Software, Articles},
	volume = {76},
	number = {1},
	year = {2017},
	issn = {1548-7660},
	pages = {1--32},
	doi = {10.18637/jss.v076.i01},
	url = {https://www.jstatsoft.org/v076/i01}
}

@article{trommershauser2006humans,
	title={Humans rapidly estimate expected gain in movement planning},
	author={Trommersh{\"a}user, Julia and Landy, Michael S and Maloney, Laurence T},
	journal={Psychological science},
	volume={17},
	number={11},
	pages={981--988},
	year={2006},
	publisher={SAGE Publications Sage CA: Los Angeles, CA}
}

@article{trommershauser2005optimal,
	title={Optimal compensation for changes in task-relevant movement variability},
	author={Trommersh{\"a}user, Julia and Gepshtein, Sergei and Maloney, Laurence T and Landy, Michael S and Banks, Martin S},
	journal={Journal of Neuroscience},
	volume={25},
	number={31},
	pages={7169--7178},
	year={2005},
	publisher={Soc Neuroscience}
}
