@Article{Ballard2018,
	author = {Ballard, Timothy
	and Farrell, Simon
	and Neal, Andrew},
	title = {Quantifying the psychological value of goal achievement},
	journal = {Psychonomic Bulletin {\&} Review},
	year = {2018},
	volume = {25},
	number = {3},
	pages = {1184--1192},
	issn = {1531-5320},
	doi = {10.3758/s13423-017-1329-1}
}

@Article{brms2017,
	title = {{brms}: An {R} Package for {Bayesian} Multilevel Models
	Using {Stan}},
	author = {Paul Christian Bürkner},
	journal = {Journal of Statistical Software},
	year = {2017},
	volume = {80},
	number = {1},
	pages = {1--28},
	doi = {10.18637/jss.v080.i01},
	encoding = {UTF-8},
}

@Article{brms2018,
	title = {Advanced {Bayesian} Multilevel Modeling with the {R}
	Package {brms}},
	author = {Paul Christian Bürkner},
	journal = {The R Journal},
	year = {2018},
	volume = {10},
	number = {1},
	pages = {395--411},
	doi = {10.32614/RJ-2018-017},
	encoding = {UTF-8},
}

@article{carpenter1995neural,
	title={Neural computation of log likelihood in control of saccadic eye movements},
	author={Carpenter, Roger HS and Williams, MLL},
	journal={Nature},
	volume={377},
	pages={59},
	year={1995},
	publisher={Nature Publishing Group}
}

@article{clarke2015failure,
	author = {Alasdair D. F. Clarke and Amelia R. Hunt},
	title = {Failure of intuition when choosing whether to invest in a single goal or split resources between two goals},
	journal = {Psychological Science},
	volume = {27},
	number = {1},
	pages = {64-74},
	year = {2016},
}
@article{clarke2016stocha,
	author = {Clarke, Alasdair D. F. and Green, Patrick and Chantler, Mike J. and Hunt, Amelia R.},
	title = "{Human search for a target on a textured background is consistent with a stochastic model}",
	journal = {Journal of Vision},
	volume = {16},
	number = {7},
	pages = {4-4},
	year = {2016},
	issn = {1534-7362},
	doi = {10.1167/16.7.4},
	url = {https://doi.org/10.1167/16.7.4},
}


@article{cornelissen2002eyelink,
	title={The Eyelink Toolbox: eye tracking with MATLAB and the Psychophysics Toolbox},
	author={Cornelissen, Frans W and Peters, Enno M and Palmer, John},
	journal={Behavior Research Methods, Instruments, \& Computers},
	volume={34},
	number={4},
	pages={613--617},
	year={2002},
	publisher={Springer}
}


@article{morvan2012human,
	title={Human visual search does not maximize the post-saccadic probability of identifying targets},
	author={Morvan, Camille and Maloney, Laurence T},
	journal={PLoS Comput Biol},
	volume={8},
	number={2},
	pages={e1002342},
	year={2012},
	publisher={Public Library of Science}
}

@article{najemnik2005optimal,
	title={Optimal eye movement strategies in visual search},
	author={Najemnik, Jiri and Geisler, Wilson S},
	journal={Nature},
	volume={434},
	number={7031},
	pages={387--391},
	year={2005},
	publisher={Nature Publishing Group}
}


@article{noorani2014later,
	title={LATER models of neural decision behavior in choice tasks},
	author={Noorani, Imran},
	journal={Frontiers in Integrative Neuroscience},
	volume={8},
	year={2014},
	publisher={Frontiers Media SA}
}

@article{pelli1997videotoolbox,
	title={The VideoToolbox software for visual psychophysics: Transforming numbers into movies},
	author={Pelli, Denis G},
	journal={Spatial vision},
	volume={10},
	number={4},
	pages={437--442},
	year={1997},
	publisher={Brill}
}

@Manual{R,
	title = {R: A Language and Environment for Statistical Computing},
	author = {{R Core Team}},
	organization = {R Foundation for Statistical Computing},
	address = {Vienna, Austria},
	year = {2016},
	url = {https://www.R-project.org/},
}

@Misc{Rstan,
	title = {{RStan}: the {R} interface to {Stan}},
	author = {{Stan Development Team}},
	note = {R package version 2.18.2},
	year = {2018},
	url = {http://mc-stan.org/},
}

@article{Stan,
	author = {Bob Carpenter and Andrew Gelman and Matthew Hoffman and Daniel Lee and Ben Goodrich and Michael Betancourt and Marcus Brubaker and Jiqiang Guo and Peter Li and Allen Riddell},
	title = {Stan: A Probabilistic Programming Language},
	journal = {Journal of Statistical Software, Articles},
	volume = {76},
	number = {1},
	year = {2017},
	issn = {1548-7660},
	pages = {1--32},
	doi = {10.18637/jss.v076.i01},
	url = {https://www.jstatsoft.org/v076/i01}
}
